
@Book{		  aczel,
  author	= {Aczel, J.},
  title		= {Lectures on functional equations and their applications},
  year		= {1966},
  publisher	= {Academic Press},
  address	= {New York},
  pages		= {144}
}

@Article{	  benzi1995,
  author	= {Benzi,R. and Ciliberto, S. and Baudet, C. and Chavarria,
		  G.R.},
  title		= {On the scaling of three-dimensional homogeneous and
		  isotropic turbulence},
  year		= {1995},
  journal	= {Physica D},
  volume	= {80},
  pages		= {385-398}
}

@Article{	  biferal,
  author	= {Biferal, L.},
  title		= {Shell models of Energy Cascade in Turbulence},
  year		= {2003},
  journal	= {Annu. Rev. Fluid Mech.},
  volume	= {35},
  pages		= {441-468}
}

@Misc{		  carlson,
  author	= "Carlson Inc.",
  title		= "FCC Certifies Carlson Wireless Technologies TV White Space
		  Radio",
  year		= 2014,
  howpublished	= "\url{http://www.carlsonwireless.com/rural-connect-press-release.html}"
		  
}

###Misc{	  carlson,
  author	= "Carlson Inc.",
  title		= "FCC Certifies Carlson Wireless Technologies TV White Space
		  Radio",
  year		= 2014,
  howpublished	= "\url{http://www.carlsonwireless.com/rural-connect-press-release.html}"
		  
}

@Article{	  cilberto,
  author	= {Benzi, R. and Ciliberto, S. and Baudet, C. and Ruiz
		  Chavarria, G. and Tripiccione, R.},
  title		= {Extended self-similarity in the dissipation range of fully
		  developed turbulence},
  year		= {1993},
  journal	= {Europhys. Lett.},
  volume	= {24},
  number	= {4},
  pages		= {275-279}
}

@InProceedings{	  franklin2007node,
  title		= {Node placement algorithm for deployment of two-tier
		  wireless mesh networks},
  author	= {Franklin, A Antony and Murthy, C Siva Ram},
  booktitle	= {Global Telecommunications Conference, 2007. GLOBECOM'07.
		  IEEE},
  pages		= {4823--4827},
  year		= {2007},
  organization	= {IEEE}
}

@InProceedings{	  joshi2009efficient,
  title		= {An efficient MAC protocol for improving the network
		  throughput for cognitive radio networks},
  author	= {Joshi, Gyanendra Prasad and Kim, Sung Won and Kim,
		  Byung-Seo},
  booktitle	= {Next Generation Mobile Applications, Services and
		  Technologies, 2009. NGMAST'09. Third International
		  Conference on},
  pages		= {271--275},
  year		= {2009},
  organization	= {IEEE}
}

@Article{	  kerr,
  author	= {Biferale, L. and Kerr, R.M.},
  title		= {Role of inviscid invariants in shell models of
		  turbulence},
  year		= {1995},
  journal	= {Phys. Rev. E},
  volume	= {52},
  issue		= {6},
  pages		= {6113-6122}
}

@InProceedings{	  kodialam2005characterizing,
  title		= {Characterizing the capacity region in multi-radio
		  multi-channel wireless mesh networks},
  author	= {Kodialam, Murali and Nandagopal, Thyaga},
  booktitle	= {Proceedings of the 11th annual international conference on
		  Mobile computing and networking},
  pages		= {73--87},
  year		= {2005},
  organization	= {ACM}
}

@Article{	  martello1998exact,
  title		= {Exact solution of the two-dimensional finite bin packing
		  problem},
  author	= {Martello, Silvano and Vigo, Daniele},
  journal	= {Management science},
  volume	= {44},
  number	= {3},
  pages		= {388--399},
  year		= {1998},
  publisher	= {INFORMS}
}
